<record><leader>00000cas a22000007a 4500</leader><controlfield tag="001">26110038</controlfield><controlfield tag="008">920630d18671868ctuwr ne      0    0eng d</controlfield><datafield ind1=" " ind2=" " tag="010"><subfield code="a">sn 92051265 </subfield></datafield><datafield ind1=" " ind2=" " tag="040"><subfield code="a">CNW</subfield><subfield code="b">eng</subfield><subfield code="c">CNW</subfield><subfield code="d">OCLCQ</subfield><subfield code="d">OCLCF</subfield><subfield code="d">OCLCO</subfield></datafield><datafield ind1="1" ind2=" " tag="029"><subfield code="a">AU@</subfield><subfield code="b">000020740348</subfield></datafield><datafield ind1=" " ind2=" " tag="042"><subfield code="a">msc</subfield></datafield><datafield ind1=" " ind2=" " tag="043"><subfield code="a">n-us-ct</subfield></datafield><datafield ind1="0" ind2="4" tag="245"><subfield code="a">The Meriden weekly visitor.</subfield></datafield><datafield ind1="1" ind2="3" tag="246"><subfield code="a">Meriden visitor</subfield><subfield code="f">Mar. 21-May 2, 1867</subfield></datafield><datafield ind1="1" ind2="3" tag="246"><subfield code="a">Visitor</subfield><subfield code="f">May 9, 1867-1868</subfield></datafield><datafield ind1=" " ind2=" " tag="260"><subfield code="a">West Meriden [Meriden], Conn. :</subfield><subfield code="b">M.M. Eaton</subfield></datafield><datafield ind1=" " ind2=" " tag="300"><subfield code="a">v.</subfield></datafield><datafield ind1=" " ind2=" " tag="310"><subfield code="a">Weekly</subfield></datafield><datafield ind1="0" ind2=" " tag="362"><subfield code="a">Vol. 1, no. 1 (Mar. 21, 1867)-v. 1, no. 52 (Mar. 14, 1868).</subfield></datafield><datafield ind1=" " ind2=" " tag="530"><subfield code="a">Also issued on microfilm from Connecticut State Library, Hartford, CT.</subfield></datafield><datafield ind1=" " ind2=" " tag="580"><subfield code="a">Daily ed. : Meriden daily visitor, Jan. 1, 1868-Mar. 1868.</subfield></datafield><datafield ind1=" " ind2="0" tag="651"><subfield code="a">Meriden (Conn.)</subfield><subfield code="v">Newspapers.</subfield></datafield><datafield ind1=" " ind2="7" tag="655"><subfield code="a">Newspapers.</subfield><subfield code="2">fast</subfield><subfield code="0">(OCoLC)fst01423814</subfield></datafield><datafield ind1=" " ind2="7" tag="651"><subfield code="a">Connecticut</subfield><subfield code="z">Meriden.</subfield><subfield code="2">fast</subfield><subfield code="0">(OCoLC)fst01213400</subfield></datafield><datafield ind1=" " ind2=" " tag="752"><subfield code="a">United States</subfield><subfield code="b">Connecticut</subfield><subfield code="c">New Haven</subfield><subfield code="d">Meriden.</subfield></datafield><datafield ind1="1" ind2=" " tag="775"><subfield code="t">Meriden daily visitor</subfield><subfield code="w">(DLC)sn 94053266</subfield><subfield code="w">(OCoLC)31163373</subfield></datafield><datafield ind1="0" ind2="0" tag="785"><subfield code="t">Meriden weekly Republican (Meriden, Conn. : 1868)</subfield></datafield></record>